@article{Aik99,
title = {Introduction to set constraint-based program analysis},
journal = {Science of Computer Programming},
volume = {35},
number = {2},
pages = {79-111},
year = {1999},
issn = {0167-6423},
doi = {https://doi.org/10.1016/S0167-6423(99)00007-6},
author = {Alexander Aiken},
keywords = {Constraints, Set constraints, Program analysis},
abstract = {This paper given an introduction to using set constraints to specify program analyses. Several standard analysis problems are formulated using set constraints, which serves both to illustrate the style of using constraints to specify program analysis problems and the range of application of set constraints.}
}
